<?xml version="1.0" encoding="UTF-8"?><collection xmlns="http://www.loc.gov/MARC21/slim"><record><leader>00388nam--2200133-i-4500</leader><controlfield tag="001">000011567</controlfield><controlfield tag="002">20161230</controlfield><controlfield tag="005">20161230201029</controlfield><controlfield tag="008">060222s1000------------r-----000-0-eng-d</controlfield><datafield ind1=" " ind2=" " tag="080"><subfield code="a">061.62:621.039(047:100)</subfield></datafield><datafield ind1=" " ind2=" " tag="245"><subfield code="a">Agence internationale de l`energie atomique rapport  annuel les juillet 1974 - 30 juin 75</subfield></datafield><datafield ind1=" " ind2=" " tag="260"><subfield code="a">Vienna, Aiea, 1977 88 P</subfield></datafield><datafield ind1=" " ind2=" " tag="490"><subfield code="a">Rapport Annuel</subfield></datafield><datafield ind1=" " ind2=" " tag="852"><subfield code="a">41679</subfield></datafield></record></collection>